<record><leader>00000cas a2200000 a 4500</leader><controlfield tag="001">12299213</controlfield><controlfield tag="008">850724d19021954ksuwr ne      0    0eng d</controlfield><controlfield tag="009">3789</controlfield><datafield ind1=" " ind2=" " tag="010"><subfield code="a">sn 85029535 </subfield></datafield><datafield ind1=" " ind2=" " tag="040"><subfield code="a">KSH</subfield><subfield code="b">eng</subfield><subfield code="c">KSH</subfield><subfield code="d">NPT</subfield><subfield code="d">DLC</subfield><subfield code="d">OCL</subfield></datafield><datafield ind1=" " ind2=" " tag="042"><subfield code="a">msc</subfield></datafield><datafield ind1="0" ind2="0" tag="050"><subfield code="a">Newspaper 7803-X</subfield></datafield><datafield ind1="0" ind2=" " tag="130"><subfield code="a">Tiller and toiler (Larned, Kan. : 1902)</subfield></datafield><datafield ind1="0" ind2="4" tag="245"><subfield code="a">The Tiller and toiler.</subfield></datafield><datafield ind1=" " ind2=" " tag="260"><subfield code="a">Larned, Kan. :</subfield><subfield code="b">Harvey Eckert,</subfield><subfield code="c">1902-1954.</subfield></datafield><datafield ind1=" " ind2=" " tag="300"><subfield code="a">52 v. :</subfield><subfield code="b">ill. ;</subfield><subfield code="c">50-56 cm.</subfield></datafield><datafield ind1=" " ind2=" " tag="310"><subfield code="a">Weekly</subfield></datafield><datafield ind1="0" ind2=" " tag="362"><subfield code="a">Vol. 12 [i.e. 13], no. 23 (Feb. 7, 1902)-v. 68, no. 27 (Sept. 30, 1954).</subfield></datafield><datafield ind1=" " ind2=" " tag="500"><subfield code="a">Publisher varies.</subfield></datafield><datafield ind1=" " ind2=" " tag="500"><subfield code="a">"Democratic."</subfield></datafield><datafield ind1=" " ind2=" " tag="515"><subfield code="a">Vol. 13, nos. 23-25 misnumbered v. 12, nos. 23-25.</subfield></datafield><datafield ind1=" " ind2=" " tag="515"><subfield code="a">Numbering is irregular.</subfield></datafield><datafield ind1=" " ind2=" " tag="580"><subfield code="a">Also issued a daily edition called: Daily tiller and toiler, 1933-1954.</subfield></datafield><datafield ind1=" " ind2=" " tag="752"><subfield code="a">United States</subfield><subfield code="b">Kansas</subfield><subfield code="c">Pawnee</subfield><subfield code="d">Larned.</subfield></datafield><datafield ind1="1" ind2=" " tag="775"><subfield code="t">Daily tiller and toiler</subfield><subfield code="w">(DLC)sn 85029530</subfield></datafield><datafield ind1="0" ind2="0" tag="780"><subfield code="t">Tiller and toiler and eagle optic</subfield><subfield code="w">(DLC)sn 85029534</subfield></datafield><datafield ind1="0" ind2="5" tag="780"><subfield code="t">Larned chronoscope (Larned, Kan. : 1933)</subfield><subfield code="g">Sept. 11, 1952</subfield><subfield code="w">(DLC)sn 85029520</subfield></datafield><datafield ind1="0" ind2="7" tag="785"><subfield code="t">Daily tiller and toiler</subfield><subfield code="w">(DLC)sn 85029530</subfield></datafield><datafield ind1="0" ind2="7" tag="785"><subfield code="t">Tiller and toiler (Larned, Kan. : 1954)</subfield><subfield code="w">(DLC)sn 82015323</subfield></datafield></record>